@book{cottet2000vortex,
  title={Vortex methods: theory and practice},
  author={Cottet, Georges-Henri and Koumoutsakos, Petros D},
  year={2000},
  publisher={Cambridge university press}
}


@phdthesis{wangThesis,
author={Wang, Bei},
title={A Particle-in-cell Method with Adaptive Phase-space Remapping for Kinetic Plasmas},
school={University of California at Davis},
year={2011},
}

@article{wang2011particle,
  title={A particle-in-cell method with adaptive phase-space remapping for kinetic plasmas},
  author={Wang, Bei and Miller, Gregory H and Colella, Phillip},
  journal={SIAM Journal on Scientific Computing},
  volume={33},
  number={6},
  pages={3509--3537},
  year={2011},
  publisher={SIAM}
}


@article{victory1991convergence,
  title={The convergence theory of particle-in-cell methods for multidimensional Vlasov--Poisson systems},
  author={Victory, Jr, HD and Allen, Edward J},
  journal={SIAM journal on numerical analysis},
  volume={28},
  number={5},
  pages={1207--1241},
  year={1991},
  publisher={SIAM}
}



@article{anderson1985vortex,
  title={On vortex methods},
  author={Anderson, Christopher and Greengard, Claude},
  journal={SIAM journal on numerical analysis},
  volume={22},
  number={3},
  pages={413--440},
  year={1985},
  publisher={SIAM}
}


@article{myers20174th,
  title={A 4th-Order Particle-in-Cell Method with Phase-Space Remapping for the Vlasov--Poisson Equation},
  author={Myers, Andrew and Colella, Phillip and Straalen, B Van},
  journal={SIAM Journal on Scientific Computing},
  volume={39},
  number={3},
  pages={B467--B485},
  year={2017},
  publisher={SIAM}
}

@book{folland2013real,
  title={Real analysis: modern techniques and their applications},
  author={Folland, Gerald B},
  year={2013},
  publisher={John Wiley \& Sons}
}

@article{lo2016real,
  title={A real-space Green’s function method for the numerical solution of Maxwell’s equations},
  author={Lo, Boris and Minden, Victor and Colella, Phillip},
  journal={Communications in Applied Mathematics and Computational Science},
  volume={11},
  number={2},
  pages={143--170},
  year={2016},
  publisher={Mathematical Sciences Publishers}
}

@article{johnson2002curious,
  title={The curious history of Fa{\`a} di Bruno's formula},
  author={Johnson, Warren P},
  journal={American Mathematical Monthly},
  pages={217--234},
  year={2002},
  publisher={JSTOR}
}



@article{cottet1984particle,
  title={Particle methods for the one-dimensional Vlasov--Poisson equations},
  author={Cottet, G-H and Raviart, P-A},
  journal={SIAM journal on numerical analysis},
  volume={21},
  number={1},
  pages={52--76},
  year={1984},
  publisher={SIAM}
}

@article{cottet2014high,
  title={High order semi-Lagrangian particle methods for transport equations: numerical analysis and implementation issues},
  author={Cottet, G-H and Etancelin, J-M and P{\'e}rignon, Franck and Picard, Christophe},
  journal={ESAIM: Mathematical Modelling and Numerical Analysis},
  volume={48},
  number={4},
  pages={1029--1060},
  year={2014},
  publisher={EDP Sciences}
}

@article{greengard1987fast,
  title={A fast algorithm for particle simulations},
  author={Greengard, Leslie and Rokhlin, Vladimir},
  journal={Journal of computational physics},
  volume={73},
  number={2},
  pages={325--348},
  year={1987},
  publisher={Elsevier}
}

@article{barba2003numerical,
  title={Numerical investigations on the accuracy of the vortex method with and without remeshing},
  author={Barba, Lorena A and Leonard, Anthony and Allen, Christian B},
  journal={AIAA paper},
  volume={3426},
  year={2003}
}

@inproceedings{cottet1999multi,
  title={Multi-purpose regridding in vortex methods},
  author={Cottet, G-H and Salihi, M-L Ould and El Hamroui, M},
  booktitle={ESAIM: Proceedings},
  volume={7},
  pages={94--103},
  year={1999},
  organization={EDP Sciences}
}

@techreport{baden1987run,
  title={Run-time partitioning of scientific continuum calculations running on multiprocessors},
  author={Baden, Scott Benjamin},
  year={1987},
  institution={California Univ., Berkeley (USA)}
}

@article{berger1991algorithm,
  title={An algorithm for point clustering and grid generation},
  author={Berger, Marsha and Rigoutsos, Isidore},
  journal={IEEE Transactions on Systems, Man, and Cybernetics},
  volume={21},
  number={5},
  pages={1278--1286},
  year={1991},
  publisher={IEEE}
}

@article{myers2016convergence,
  title={The convergence of particle-in-cell schemes for cosmological dark matter simulations},
  author={Myers, Andrew and Colella, Phillip and Van Straalen, Brian},
  journal={The Astrophysical Journal},
  volume={816},
  number={2},
  pages={56},
  year={2016},
  publisher={IOP Publishing}
}

@article{wang2015modern,
  title={Modern gyrokinetic Particle-In-Cell simulation of fusion plasmas on top supercomputers},
  author={Wang, Bei and Ethier, Stephane and Tang, William and Ibrahim, Khaled and Madduri, Kamesh and Williams, Samuel and Oliker, Leonid},
  journal={arXiv preprint arXiv:1510.05546},
  year={2015}
}


@book{birdsall2004plasma,
  title={Plasma physics via computer simulation},
  author={Birdsall, Charles K and Langdon, A Bruce},
  year={2004},
  publisher={CRC press}
}

@book{hockney1988computer,
  title={Computer simulation using particles},
  author={Hockney, Roger W and Eastwood, James W},
  year={1988},
  publisher={crc Press}
}

@article{madduri2012optimization,
  title={Optimization of parallel particle-to-grid interpolation on leading multicore platforms},
  author={Madduri, Kamesh and Su, Jimmy and Williams, Samuel and Oliker, Leonid and Ethier, St{\'e}phane and Yelick, Katherine},
  journal={IEEE Transactions on Parallel and Distributed Systems},
  volume={23},
  number={10},
  pages={1915--1922},
  year={2012},
  publisher={IEEE}
}

@article{buyukkecceci2013portable,
  title={A portable OpenCL implementation of generic particle--mesh and mesh--particle interpolation in 2D and 3D},
  author={B{\"u}y{\"u}kke{\c{c}}eci, Ferit and Awile, Omar and Sbalzarini, Ivo F},
  journal={Parallel Computing},
  volume={39},
  number={2},
  pages={94--111},
  year={2013},
  publisher={Elsevier}
}

@article{stantchev2008fast,
  title={Fast parallel Particle-To-Grid interpolation for plasma PIC simulations on the GPU},
  author={Stantchev, George and Dorland, William and Gumerov, Nail},
  journal={Journal of Parallel and Distributed Computing},
  volume={68},
  number={10},
  pages={1339--1349},
  year={2008},
  publisher={Elsevier}
}
